}@misc{aapm1980protocol,
  title={{Protocol for Neutron Beam Dosimetry}},
  author={AAPM},
  journal={Task Group No. 18, Fast Neutron Beam Dosimetry Physics Radiation Therapy Committee},
  year={1980},
  publisher={American Association of Physicists in Medicine}
}


@article{andreo2018MCdosimetry,
  title={{Monte Carlo Simulations in Radiotherapy Dosimetry}},
  author={Andreo, Pedro},
  journal={Radiation Oncology},
  volume={13},
  number={1},
  pages={1--15},
  year={2018},
  publisher={BioMed Central}
}

@article{carlson2008RMF,
  title={{Combined use of Monte Carlo DNA Damage Simulations and Deterministic Repair Models to Examine Putative Mechanisms of Cell Killing}},
  author={Carlson, David J and Stewart, Robert D and Semenenko, Vladimir A and Sandison, George A},
  journal={Radiation Research},
  volume={169},
  number={4},
  pages={447--459},
  year={2008}
}

@article{bnctConc_Chandra2014,
  title={{Quantitative Evaluation of Boron Neutron Capture Therapy (BNCT) Drugs for Boron Delivery and Retention at Subcellular-Scale Resolution in Human Glioblastoma Cells with Imaging Secondary Ion Mass Spectrometry (SIMS)}},
  author={Chandra, S and Ahmad, T and Barth, RF and Kabalka, GW},
  journal={Journal of Microscopy},
  volume={254},
  number={3},
  pages={146--156},
  year={2014},
  publisher={Wiley Online Library}
}

@article{chadwick2011endf,
  title={{ENDF/B-VII. 1 Nuclear Data for Science and Technology: Cross Sections, Covariances, Fission Product Yields and Decay Data}},
  author={Chadwick, Mark B and Herman, Michal and Oblo{\v{z}}insk{\`y}, P and Dunn, Michael E and Danon, Yaron and Kahler, AC and Smith, Donald L and Pritychenko, Boris and Arbanas, Goran and Arcilla, R and others},
  journal={Nuclear Data Sheets},
  volume={112},
  number={12},
  pages={2887--2996},
  year={2011},
  publisher={Elsevier}
}

@article{chandra2014quantitative,
  title={{Quantitative Evaluation of Boron neutron Capture Therapy (BNCT) Drugs for Boron Delivery and Retention at Subcellular-Scale Resolution in Human glioblastoma Cells with Imaging Secondary Ion Mass Spectrometry (SIMS)}},
  author={Chandra, S and Ahmad, T and Barth, RF and Kabalka, GW},
  journal={Journal of microscopy},
  volume={254},
  number={3},
  pages={146--156},
  year={2014},
  publisher={Wiley Online Library}
}

@article{coderre1993derivations,
  title={{Derivations of Relative Biological Effectiveness for the High-LET Radiations Produced During Boron Neutron Capture Irradiations of the 9L Rat Gliosarcoma in Vitro and in Vivo}},
  author={Coderre, Jeffrey A and Makar, Michael S and Micca, Peggy L and Nawrocky, Marta M and Liu, Hungyuan B and Joel, Darrel D and Slatkin, Daniel N and Amols, Howard I},
  journal={International Journal of Radiation Oncology* Biology* Physics},
  volume={27},
  number={5},
  pages={1121--1129},
  year={1993},
  publisher={Elsevier}
}

@article{dale1999assessmentOfRBE,
  title={{The Assessment of RBE Effects using the Concept of Biologically Effective Dose}},
  author={Dale, Roger G and Jones, Bleddyn},
  journal={International Journal of Radiation Oncology - Biology - Physics},
  volume={43},
  number={3},
  pages={639--645},
  year={1999},
  publisher={Elsevier}
}

@article{demarco1998ct,
  title={{A CT-based Monte Carlo Simulation Tool for Dosimetry Planning and Analysis}},
  author={DeMarco, JJ and Solberg, TD and Smathers, J Bl},
  journal={Medical Physics},
  volume={25},
  number={1},
  pages={1--11},
  year={1998},
  publisher={Wiley Online Library}
}

@online{ESTAR,
title = {NIST STAR (Stopping Power and Range Tables for Electrons, Protons, and Helium Ions)},
  howpublished = {\url{http://physics.nist.gov/Star}},
  note = {Accessed: January 2023}
}

@inproceedings{hughes2007mcnpTranspTabularRegion,
  title={{MCNP/X Transport in the Tabular Regime}},
  author={Hughes, H Grady},
  booktitle={AIP Conference Proceedings},
  volume={896},
  number={1},
  pages={91--101},
  year={2007},
  organization={American Institute of Physics}
}



@article{bortfeld1993decompositionPBK,
	title={{Decomposition of Pencil Beam Kernels for Fast Dose Calculations in Three-Dimensional Treatment Planning}},
	author={Bortfeld, Thomas and Schlegel, Wolfgang and Rhein, Bernhard},
	journal={Medical Physics},
	volume={20},
	number={2},
	pages={311--318},
	year={1993},
	publisher={Wiley Online Library}
}

@article{breitkreutz2008spectralFluenceRate,
	title={{Spectral Fluence Rates of the Fast Reactor Neutron Beam MedApp at FRM II}},
	author={Breitkreutz, Harald and Wagner, Franz M and R{\"o}hrmoser, Anton and Petry, Winfried},
	journal={Nuclear Instruments and Methods in Physics Research Section A: Accelerators, Spectrometers, Detectors and Associated Equipment},
	volume={593},
	number={3},
	pages={466--471},
	year={2008},
	publisher={Elsevier}
}

@mathesis{diplomarbeitHB,
    title = {{Spektrale Charakterisierung des Therapiestrahls am FRM II}},
    author = {Breitkreutz, Harald},
    year={2007},
    publisher={TUM},
    type = {Diploma Thesis}
}

@article{chadwick2011endf,
  title={{ENDF/B-VII. 1 Nuclear Data for Science and Technology: Cross Sections, Covariances, Fission Product Yields and Decay Data}},
  author={Chadwick, Mark B and Herman, Michal and Oblo{\v{z}}insk{\`y}, P and Dunn, Michael E and Danon, Yaron and Kahler, AC and Smith, Donald L and Pritychenko, Boris and Arbanas, Goran and Arcilla, R and others},
  journal={Nuclear Data Sheets},
  volume={112},
  number={12},
  pages={2887--2996},
  year={2011},
  publisher={Elsevier}
}

@misc{dinNeutronDosimetry6802_6,
    title = {{DIN 6802-6:2013-01: Neutron Dosimetry – Part 6, Methods for Determination of Absorbed Dose using Ionisation Chambers}},
    author = {DIN},
    year={2013}
}

@inproceedings{garny2009calcOfDoseInsideVoxelPhantom,
	title={{Neutron Therapy at the FRM~II - Calculation of Dose inside a Voxel Phantom}},
	author={Garny, S and R{\"u}hm, W and Wagner, FM and Paretzke, HG},
	booktitle={World Congress on Medical Physics and Biomedical Engineering, September 7-12, 2009, Munich, Germany},
	pages={437--440},
	year={2009},
	organization={Springer}
}

@mathesis{garny_phd,
    title = {{Development of a Biophysical Treatment Planning System for the FRM~II Neutron Therapy Beamline}},
    author = {Garny, Sylvia},
    year={2009},
    publisher={TUM},
    type = {Doctoral Thesis}
}

@article{garny2011firstStepsTowardsFNTplanningSys,
	title={{First Steps Towards a Fast-Neutron Therapy Planning Program}},
	author={Garny, Sylvia and R{\"u}hm, Werner and Zankl, Maria and Wagner, Franz M and Paretzke, Herwig G},
	journal={Radiation Oncology},
	volume={6},
	number={1},
	pages={1--12},
	year={2011},
	publisher={Springer}
}


@article{garny2011measurement,
title = {Measurement of neutron spectra and neutron doses at the Munich FRM II therapy beam with Bonner spheres},
journal = {Radiation Measurements},
volume = {46},
number = {1},
pages = {92-97},
year = {2011},
issn = {1350-4487},
doi = {https://doi.org/10.1016/j.radmeas.2010.08.015},
url = {https://www.sciencedirect.com/science/article/pii/S1350448710003173},
author = {S. Garny and V. Mares and H. Roos and F.M. Wagner and W. Rühm},
keywords = {Bonner sphere, Gold foils, Response function},
abstract = {The neutron field at the FRM II neutron therapy was characterised by means of a Bonner sphere spectrometer. Inside the therapy room and the adjacent radiography room, gold foils were used in the center of the moderating polyethylene (PE) spheres of the spectrometer, to detect the moderated neutrons. The measured neutron spectra are dominated – as expected – by neutrons with an energy of about 1 MeV. The spectra were in quantitative agreement with those calculated by means of the MCNP code, by Breitkreutz and co-workers. Outside the therapy room, 3He proportional counters were used to detect the neutrons moderated by the PE spheres of the spectrometer. Here, the spectra were much softer and included thermal neutrons as major component. Based on these neutron spectra, the neutron ambient dose equivalent rate H˙∗(10) was calculated. The resulting H˙∗(10) values were between 0.92 and 1.68 μSv/h, depending on the position outside the shielding. These values were in close agreement to the one measured by means of the AMIRA tissue-equivalent proportional counter. It is concluded that the neutron spectra at the neutron therapy facility at the new FRM II research reactor at Garching, Germany, are now well characterised.}

@article{gray1936ionization,
  title={{An Ionization Method for the Absolute Measurement of $\gamma$-Ray Energy}},
  author={Gray, Louis Harold},
  journal={Proceedings of the Royal Society of London. Series A-Mathematical and Physical Sciences},
  volume={156},
  number={889},
  pages={578--596},
  year={1936},
  publisher={The Royal Society London}
}

@article{hough1979modified,
  title={{A Modified Lead Attenuation Method to Determine the Fast Neutron Sensitivity kU of a Photon Dosemeter}},
  author={Hough, JH},
  journal={Physics in Medicine \& Biology},
  volume={24},
  number={4},
  pages={734},
  year={1979},
  publisher={IOP Publishing}
}

@article{icruReport26_2,
    author = {ICRU},
    title = {{Report 26}},
    journal = {Journal of the International Commission on Radiation Units and Measurements},
    volume = {os14},
    number = {1},
    pages = {NP-NP},
    year = {2016},
    month = {04},
    issn = {1473-6691},
    doi = {10.1093/jicru/os14.1.Report26},
    url = {https://doi.org/10.1093/jicru/os14.1.Report26},
    eprint = {https://academic.oup.com/jicru/article-pdf/os14/1/NP/9586519/jicruos14-NP.pdf},
}

@article{icruReport26,
    author = {ICRU},
    title = {{Report 26}},
    journal = {Journal of the International Commission on Radiation Units and Measurements},
    volume = {os14},
    number = {1},
    year = {1976},
    month = {8},
}

@article{icruReport45,
    author = {ICRU},
    title = {{Report 45}},
    journal = {Journal of the International Commission on Radiation Units and Measurements},
    volume = {os23},
    number = {2},
    year = {1989},
    month = {11},
}

@article{icruReport46,
    author = {ICRU},
    title = {{Report 46: Photon, Electron, Proton and Neutron Interaction Data for Body Tissues}},
    journal = {Journal of the International Commission on Radiation Units and Measurements},
    volume = {os24},
    number = {1},
    year = {1992},
    month = {02},
}

@article{icruReport63,
    author = {ICRU},
    title = {{Report 63: Nuclear Data for Neutron and Proton Radiotherapy and for Radiation Protection}},
    journal = {Journal of the International Commission on Radiation Units and Measurements},
    volume = {os32},
    number = {2},
    year = {2000},
    month = {03}
}

@article{jones2010apparentIncrBeta,
  title={{The Apparent Increase in the $\beta$-Parameter of the Linear Quadratic Model with Increased Linear Energy Transfer during Fast Neutron Irradiation}},
  author={Jones, B},
  journal={The British Journal of Radiology},
  volume={83},
  number={989},
  pages={433--436},
  year={2010},
  publisher={The British Institute of Radiology. 36 Portland Place, London, W1B 1AT}
}

@article{jones2020clinicalRadiobiolOfFNT,
	title={{Clinical Radiobiology of Fast Neutron Therapy: What was learned?}},
	author={Jones, Bleddyn},
	journal={Frontiers in Oncology},
	volume={10},
	pages={1537},
	year={2020},
	publisher={Frontiers}
}

@article{jungwirth2012determination,
	title={{Determination of the Photon Spectrum in an Intense Fission Neutron Beam}},
	author={Jungwirth, M and Breitkreutz, H and Wagner, FM and B{\"u}cherl, T},
	journal={Journal of Instrumentation},
	volume={7},
	number={03},
	pages={C03022},
	year={2012},
	publisher={IOP Publishing}
}

@article{kalet2013validationPhotonConvSuperpAlg4FNT,
	title={{Validation of the Photon Convolution-Superposition Algorithm applied to Fast Neutron Beams}},
	author={Kalet, Alan M and Sandison, George A and Phillips, Mark H and Parvathaneni, Upendra},
	journal={Journal of Applied Clinical Medical Physics},
	volume={14},
	number={6},
	pages={133--154},
	year={2013},
	publisher={Wiley Online Library}
}

@MastersThesis{kampferThesis2006,
    author     =     {Kampfer, Severin},
    title     =     {{Umfassende Charakterisierung eines
Spaltneutronenstrahls}},
    school     =     {Technical University of Munich},
    year     =     {2006},
    type = {Diploma Thesis}
    }
    
@misc{basisdosimetrieMEDAPP,
	title={{Bericht zur Basisdosimetrie für medizinische Bestrahlung an der Strahlkonverteranlage am FRM II in Garching.}},
	author={Wagner, Franz and Kampfer, Severin and Kneschaurek, Peter},
	year={2006},
	publisher={Technische Universität München}
}

@article{kellerer1978dualRadiationAction,
  title={{A Generalized Formulation of Dual Radiation Action}},
  author={Kellerer, Albrecht M and Rossi, Harald H},
  journal={Radiation Research},
  volume={75},
  number={3},
  pages={471--488},
  year={1978},
  publisher={Academic Press, Inc.}
}

@book{landauLifschitz_2007,
  title     = {{Lehrbuch der theoretischen Physik in zehn Bänden: Mechanik}},
  author    = {Landau, L. D. and Lifschitz, E. D.},
  year      = {2007},
  publisher = {Verlag Harri Deutsch},
  address   = {Frankfurt a. M.},
  number = {1}
}

@book{leroy2016,
  title     = {{Principles of Radiation Interaction in Matter and Detection}},
  author    = {Leroy, Claude and Rancoita, Pier-Georgio},
  year      = {2016},
  publisher = {World Scientific},
  address   = {New Jery},
  edition = {4}
}

@misc{loap2021fnt4BreastCancer,
	title={{Fast Neutron Therapy for Breast Cancer Treatment: An Effective Technique Sinking into Oblivion}},
	author={Loap, Pierre and Kirova, Youlia},
	year={2021},
	journal={International Journal of Particle Therapy},
	publisher={The Particle Therapy Co-operative Group}
}

@article{low1998gammaTechnique,
  title={{A Technique for the Quantitative Evaluation of Dose Distributions}},
  author={Low, Daniel A and Harms, William B and Mutic, Sasa and Purdy, James A},
  journal={Medical Physics},
  volume={25},
  number={5},
  pages={656--661},
  year={1998},
  publisher={Wiley Online Library}
}

@article{macomber2017neutrons4MerkelCellCarcinoma,
	title={{Neutron Radiation Therapy for Treatment of Refractory Merkel Cell Carcinoma}},
	author={Macomber, Meghan W and Tarabadkar, Erica S and Mayr, Nina A and Laramore, George E and Bhatia, Shailender and Tseng, Yolanda D and Liao, Jay and Arbuckle, Tom and Nghiem, Paul and Parvathaneni, Upendra},
	journal={International Journal of Particle Therapy},
	volume={3},
	number={4},
	pages={485--491},
	year={2017},
	publisher={The Particle Therapy Co-operative Group}
}

@book{MATLAB:2019, 
	year = {2019}, 
	author = {MATLAB}, 
	title = {{version 9.7.0.1319299 (R2019b)}}, 
	publisher = {The MathWorks Inc.}, 
	address = {Natick, Massachusetts} 
}

@online{MCDS_webpage,
  author = {Stewart, Robert D.},
  title = {{Monte Carlo Damage Simulation (MCDS) Software.}},
  year = 2011,
  url = {http://faculty.washington.edu/trawets/mcds/ [2022-01-25]},
  urldate = {2022-01-25}
}

@article{mcMohan2018theLQmodel,
  title={{The Linear Quadratic Model: Usage, Interpretation and Challenges}},
  author={McMahon, Stephen Joseph},
  journal={Physics in Medicine \& Biology},
  volume={64},
  number={1},
  pages={01TR01},
  year={2018},
  publisher={IOP Publishing}
}

@article{moffitt2016mcnp6CNTS,
  title={{MCNP6 Model of the University of Washington Clinical Neutron Therapy System (CNTS)}},
  author={Moffitt, Gregory B and Stewart, Robert D and Sandison, George A and Goorley, John T and Argento, David C and Jevremovic, Tatjana},
  journal={Physics in Medicine \& Biology},
  volume={61},
  number={2},
  pages={937},
  year={2016},
  publisher={IOP Publishing}
}

@article{moffitt2020scatteringKernels4FNT,
	title={{Scattering Kernels for Fast Neutron Therapy Treatment Planning}},
	author={Moffitt, Gregory B and Wootton, Landon S and H{\aa}rdemark, Bj{\"o}rn and Sandison, George A and Laramore, George E and Parvathaneni, Upendra and Stewart, Robert D},
	journal={Physics in Medicine \& Biology},
	volume={65},
	number={16},
	pages={165009},
	year={2020},
	publisher={IOP Publishing}
}

@online{NIST_elementalComp,
  author = {NIST},
  title = {{National Institute of Standards and Technology: Material Composition Data.}},
  url = {https://physics.nist.gov/cgi-bin/Star/compos.pl?matno=001 [2022-01-11]},
  urldate = {2022-01-11}
}

@online{NIST_massAttCoeffXray,
  author = {NIST},
  title = {{National Institute of Standards and Technology: Material Composition Data.}},
  url = {https://www.nist.gov/pml/x-ray-mass-attenuation-coefficients [2022-01-11]},
  urldate = {2022-01-11}
}

@article{nolte2011monoenergetic_1,
  title={{Monoenergetic Fast Neutron Reference Fields: I. Neutron Production}},
  author={Nolte, Ralf and Thomas, David J},
  journal={Metrologia},
  volume={48},
  number={6},
  pages={S263},
  year={2011},
  publisher={IOP Publishing}
}

@article{nolte2011monoenergetic_2,
  title={{Monoenergetic Fast Neutron Reference Fields: II. Field Characterization}},
  author={Nolte, Ralf and Thomas, David J},
  journal={Metrologia},
  volume={48},
  number={6},
  pages={S274},
  year={2011},
  publisher={IOP Publishing}
}

@book{podgorvsak2006radiation,
	title={{Radiation Physics for Medical Physicists}},
	author={Podgor{\v{s}}ak, Ervin B},
	year={2006},
	publisher={Springer},
	edition = {1}
}

@book{podgorvsak2016radiation,
	title={{Radiation Physics for Medical Physicists}},
	author={Podgor{\v{s}}ak, Ervin B},
	year={2016},
	publisher={Springer},
	edition = {3}
}

@article{reinhardt2012comparisonFilmDosi,
  title={{Comparison of Gafchromic EBT2 and EBT3 films for Clinical Photon and Proton Beams}},
  author={Reinhardt, S and Hillbrand, M and Wilkens, JJ and Assmann, W},
  journal={Medical Physics},
  volume={39},
  number={8},
  pages={5257--5262},
  year={2012},
  publisher={Wiley Online Library}
}

@article{rinard1991neutron,
  title={{Neutron Interactions with Matter}},
  author={Rinard, P},
  journal={Passive Nondestructive Assay of Nuclear Materials},
  number={375-377},
  year={1991},
  publisher={NUREG/CR-5550, US Nuclear Regulatory Commission, Washington, DC}
}

@article{rose1991endf,
  title={{ENDF/b-vi Summary Documentation}},
  author={Cross Section Evaluation Working Group},
  journal={BNL-NCS-17541},
  year={1991}
}

@article{schlegel1990measurement,
  title={{Measurement of kU Values of Argon-Filled Magnesium Ionisation Chambers}},
  author={Schlegel-Bickmann, DR and Brede, HJ and Guldbakke, S and Lewis, VE and Zoetelief, J},
  journal={Physics in Medicine \& Biology},
  volume={35},
  number={6},
  pages={717},
  year={1990},
  publisher={IOP Publishing}
}

@article{schneider1996calibration,
  title={{The Calibration of CT Hounsfield Units for Radiotherapy Treatment Planning}},
  author={Schneider, Uwe and Pedroni, Eros and Lomax, Antony},
  journal={Physics in Medicine \& Biology},
  volume={41},
  number={1},
  pages={111},
  year={1996},
  publisher={IOP Publishing}
}

@article{schneider2000correlation,
  title={{Correlation between CT Numbers and Tissue Parameters needed for Monte Carlo Simulations of Clinical Dose Distributions}},
  author={Schneider, Wilfried and Bortfeld, Thomas and Schlegel, Wolfgang},
  journal={Physics in Medicine \& Biology},
  volume={45},
  number={2},
  pages={459},
  year={2000},
  publisher={IOP Publishing}
}

@article{schmid2003rbeMonoEnNeutrons,
  title={{RBE of Nearly Monoenergetic Neutrons at Energies of 36 keV--14.6 MeV for Induction of Dicentrics in Human Lymphocytes}},
  author={Schmid, E and Schlegel, D and Guldbakke, S and Kapsch, R-P and Regulla, D},
  journal={Radiation and Environmental Biophysics},
  volume={42},
  number={2},
  pages={87--94},
  year={2003},
  publisher={Springer}
}

@article{schmid2009medappRBE,
  title={{Dose-Response Relationship of Dicentric Chromosomes in Human Lymphocytes obtained for the Fission Neutron Therapy Facility MEDAPP at the Research Reactor FRM~II}},
  author={Schmid, E and Wagner, FM and Romm, H and Walsh, L and Roos, H},
  journal={Radiation and Environmental Biophysics},
  volume={48},
  number={1},
  pages={67--75},
  year={2009},
  publisher={Springer}
}

@article{semenenko2004mcds,
  title={{A Fast Monte Carlo Algorithm to Simulate the Spectrum of DNA Damages Formed by Ionizing Radiation}},
  author={Semenenko, VA and Stewart, RD},
  journal={Radiation Research},
  volume={161},
  number={4},
  pages={451--457},
  year={2004}
}

@article{semenenko2006mcds,
  title={{Fast Monte Carlo Simulation of DNA Damage Formed by Electrons and Light Ions}},
  author={Semenenko, VA and Stewart, RD},
  journal={Physics in Medicine \& Biology},
  volume={51},
  number={7},
  pages={1693},
  year={2006},
  publisher={IOP Publishing}
}

@article{siddon1985fast,
	title={{Fast Calculation of the Exact Radiological Path for a Three-Dimensional CT Array}},
	author={Siddon, Robert L},
	journal={Medical Physics},
	volume={12},
	number={2},
	pages={252--255},
	year={1985},
	publisher={Wiley Online Library}
}

@article{soderberg2003monteCarloEvalOfPhotonPencilKernel,
	title={{Monte Carlo Evaluation of a Photon Pencil Kernel Algorithm Applied to Fast Neutron Therapy Treatment Planning}},
	author={S{\"o}derberg, Jonas and Carlsson, Gudrun Alm and Ahnesj{\"o}, Anders},
	journal={Physics in Medicine \& Biology},
	volume={48},
	number={20},
	pages={3327},
	year={2003},
	publisher={IOP Publishing}
}

@article{specht2015pavingRoad,
	title={{Paving the Road for Modern Particle Therapy--What can we learn from the experience gained with fast Neutron Therapy in Munich?}},
	author={Specht, Hanno M and Neff, Teresa and Reuschel, Waltraud and Wagner, Franz M and Kampfer, Severin and Wilkens, Jan J and Petry, Winfried and Combs, Stephanie E},
	journal={Frontiers in Oncology},
	volume={5},
	pages={262},
	year={2015},
	publisher={Frontiers}
}

@article{stewardt2011mcds,
  title={{Effects of Radiation Quality and Oxygen on Clustered DNA Lesions and Cell Death}},
  author={Stewart, Robert D and Yu, Victor K and Georgakilas, Alexandros G and Koumenis, Constantinos and Park, Joo Han and Carlson, David J},
  journal={Radiation Research},
  volume={176},
  number={5},
  pages={587--602},
  year={2011},
  publisher={The Radiation Research Society}
}

@article{stewart2015MCDSrbeDSB,
  title={{Rapid MCNP Simulation of DNA Double Strand Break (DSB) Relative Biological Effectiveness (RBE) for Photons, Neutrons, and Light Ions}},
  author={Stewart, Robert D and Streitmatter, Seth W and Argento, David C and Kirkby, Charles and Goorley, John T and Moffitt, Greg and Jevremovic, Tatjana and Sandison, George A},
  journal={Physics in Medicine \& Biology},
  volume={60},
  number={21},
  pages={8249},
  year={2015},
  publisher={IOP Publishing}
}

@article{stewart2018comparison,
  title={{A Comparison of Mechanism-Inspired Models for Particle Relative Biological Effectiveness (RBE)}},
  author={Stewart, Robert D and Carlson, David J and Butkus, Michael P and Hawkins, Roland and Friedrich, Thomas and Scholz, Michael},
  journal={Medical Physics},
  volume={45},
  number={11},
  pages={e925--e952},
  year={2018},
  publisher={Wiley Online Library}
}

@article{streitmatter2020mechanisticRBE4BNCT,
	title={{Mechanistic Modeling of the Relative Biological Effectiveness of Boron Neutron Capture Therapy}},
	author={Streitmatter, Seth W and Stewart, Robert D and Moffitt, Gregory and Jevremovic, Tatjana},
	journal={Cells},
	volume={9},
	number={10},
	pages={2302},
	year={2020},
	publisher={Multidisciplinary Digital Publishing Institute}
}

@article{suzuki2020boron,
  title={{Boron Neutron Capture Therapy (BNCT): a Unique Role in Radiotherapy with a View to Entering the Accelerator-based BNCT Era}},
  author={Suzuki, Minoru},
  journal={International journal of clinical oncology},
  volume={25},
  number={1},
  pages={43--50},
  year={2020},
  publisher={Springer}
}

@article{treeby2010k,
  title={{k-Wave: MATLAB Toolbox for the Simulation and Reconstruction of Photoacoustic Wave Fields}},
  author={Treeby, Bradley E and Cox, Benjamin T},
  journal={Journal of Biomedical Optics},
  volume={15},
  number={2},
  pages={021314},
  year={2010},
  publisher={International Society for Optics and Photonics}
}

@article{vanLeeuwen2018alfaBeta,
  title={{The Alfa and Beta of Tumours: A Review of Parameters of the Linear-Quadratic Model, Derived from Clinical Radiotherapy studies}},
  author={Van Leeuwen, CM and Oei, AL and Crezee, J and Bel, A and Franken, NAP and Stalpers, LJA and Kok, HP},
  journal={Radiation oncology},
  volume={13},
  number={1},
  pages={1--11},
  year={2018},
  publisher={BioMed Central}
}

@article{wagner2008MEDAPP,
	title={{The Munich Fission Neutron Therapy Facility MEDAPP at the Research Reactor FRM II}},
	author={Wagner, Franz M and Kneschaurek, Peter and Kastenm{\"u}ller, Anton and Loeper-Kabasakal, Birgit and Kampfer, Severin and Breitkreutz, Harald and Waschkowski, Wolfgang and Molls, Michael and Petry, Winfried},
	journal={Strahlentherapie und Onkologie},
	volume={184},
	number={12},
	pages={643--646},
	year={2008},
	publisher={Springer}
}

@article{wagner2015FNTstatus,
	title={{Fast Neutron Therapy: A Status Report}},
	author={Wagner, Franz-Michael and Breitkreutz, Harald and Loeper-Kabasakal, Birgit and Specht, Hanno},
	journal={Sibirskiy Onkologicheskiy Zhurnal},
	volume={6},
	number={IMPULSE-2017-00167},
	pages={5--12},
	year={2015},
	publisher={MEDAPP}
}

@article{mcnp5Manual,
  title={{MCNP A General Monte Carlo N-Particle Transport Code Version 5 Volume I: Overview and Theory}},
  author={{X-5 Monte Carlo Team}},
  journal={Los Alamos National Laboratory, Los Alamos, NM, LA-UR-03-1987},
  year={2003}
}

@article{mcnp6Manual,
  title={{MCNP A General Monte Carlo N-Particle Transport Code Version 6.2}},
  author={{X-5 Monte Carlo Team}},
  journal={Los Alamos National Laboratory, Los Alamos, NM, LA-UR-03-1987},
  year={2003}
}

@article{mcnp6_1ReleaseNotes,
  title={{Initial MCNP6 Release Overview - MCNP6 version 1.0}},
  author={Goorley, John T. and James, Michael R. and Booth, Thomas E. and Brown, Forrest B. and Bull, Jeffrey S. and Cox, Lawrence J. and Durkee, Joe W. Jr. and Elson, Jay S. and Fensin, Michael Lorne and Forster, Robert A. III and Hendricks, John S. and Hughes, H. Grady III and Johns, Russell C. and Kiedrowski, Brian C. and Martz, Roger L. and Mashnik, Stepan G. and McKinney, Gregg W. and Pelowitz, Denise B. and Prael, Richard E. and Sweezy, Jeremy Ed and Waters, Laurie S. and Wilcox, Trevor and Zukaitis, Anthony J.},
  journal={Los Alamos National Laboratory, Los Alamos, NM, LA-UR-13-22934},
  year={2013}
}

@article{mcnp6_2ReleaseNotes,
  title={{MCNP Version 6.2 Release Notes}},
  author={Werner, C.J. and Bull, J.S. and Solomon, C.J. and Brown, F.B. and McKinney, G.W. and Rising, M.E. and Dixon, D.A. and Martz, R.L. and Hughes, H.G. and Cox, L.J. and Zukaitis, A.J. and Armstrong, J.C. and Forster, R. A. and Casswell,  L.},
  journal={Los Alamos National Laboratory, Los Alamos, NM, LA-UR-18-20808},
  year={2018}
}

@article{werner2017mcnpManual,
	title={{MCNP Users Manual-Code Version 6.2}},
	author={Werner, Christopher J},
	journal={Los Alamos National Laboratory, Los Alamos, NM, LA-UR-17-29981},
	year={2017}
}
@techreport{ACEDataTables,
  title={Listing of available ACE data tables},
  author={Conlin, Jeremy Lloyd and Parsons, Donald K and Gardiner, Steven J and Gray, Mark G and Kahler III, Albert C and White, Morgan C and Lee, Mary Beth},
  year={2014},
  institution={Los Alamos National Lab.(LANL), Los Alamos, NM (United States)}
}



@misc{personalCommunication_RSGM_2020,
  author = "Stewart, Robert D.",
  year = "2020",
  howpublished = "Model implementation suggested in personal communication."
}

@misc{personalCommunication_SantiagoBazzana,
  author = "Bazzana, Santiago",
  year = "2018",
  howpublished = "MCNP model of MEDAPP with MLC 3 provided in personal communication."
}

@misc{breitkreutz_spectrumPersonalCommunication,
  author = "Breitkreutz, Harald",
  year = "2018",
  howpublished = "Neutron and gamma spectrum provided in personal communication."
}

@phdthesis{PhDThesisofLucasSommer,
  title={Development and Validation of a 3D Neutron Therapy Treatment Planning Software for FRM II},
  author={Sommer, Lucas Benedikt},
  year={2022},
  school={Technische Universit{\"a}t M{\"u}nchen}
}

@misc{NeutronImaging,
  author = "Dinesh K. Aswal,
            Partha S. Sarkar,
            Yogesh S. Kashyap",
  year = "2022",
  howpublished = "Neutron Imaging."
}

@misc{CERNDirectFastNeutronDetection,
  author = "D.C. Stromswold
            A.J. Peurrung
            R.R. Hansen
            P.L. Reeder",
  year = "2022",
  howpublished = "Neutron Imaging."
  note = "https://cds.cern.ch/record/748146/files/34009359.pdf"
}

@book{RadiationOncologyInPhysicsHandbook,
  title={Radiation oncology physics},
  author={Podgorsak, Ervin B},
  year={2005}
}


@misc{PhysOfNuclearReactors,
  author = "E.Marguet",
  year = "2021",
  howpublished = "The phyisics of nuclear reactors."
}

@misc{RadiationAndDetectors,
  author = "Lucio Cerrito",
  year = "2017",
  howpublished = "Radiation and Detectors."
}

@misc{ParticlePhysics,
  author = "Anwar Kamal",
  year = "2014",
  howpublished = "Particle Physics."
}

@misc{AtomsRadiationAndRadiationProtection,
  author = "James E. Turner",
  year = "2014",
  howpublished = "Atoms, Radiation and Radiation Protection."
}

%FIX THIS REFERENCE PRINTOUT

@misc{aapm1980protocol,
  title={{Protocol for Neutron Beam Dosimetry}},
  author={AAPM},
  journal={Task Group No. 18, Fast Neutron Beam Dosimetry Physics Radiation Therapy Committee},
  year={1980},
  publisher={American Association of Physicists in Medicine}
}
@misc{GeneralMonteCarlo,
  author = "AJ. F. Briesmeister",
  year = "1986",
  howpublished = "MCNP–A General Monte Carlo Code. Version 3"
}

@misc{MonteCarloMethods,
  author = "Adrian Barbu, Song-Chun Zhu",
  year = "2020",
  howpublished = "Monte Carlo Methods"
}

@misc{GeneralMonteCarlo2000,
  author = "AJ. F. Briesmeister",
  year = "2000",
  howpublished = "MCNP–A General Monte Carlo N-particle Transport Code. Version 4C"
}
@misc{modernLabExperiments,
  author = "Werner Boeglin",
  year = "2023",
  howpublished = "Modern Lab Experiments. Chapter 4: Beta Spectroscopy"
}

@misc{kontrollvorrichtung,
  author = "PTW Freiburg, Physikalisch-Technische Werkstätten Dr. Pychlau GmbH",
  year = "1994",
  howpublished = "Radioaktive Kontrollvorrichtung 39 Typ 8921 für PTW-Dosimeter"
}

@misc{PTWKammerBauplan,
  author = "Dr. Kühn",
  howpublished = "Ionization chambers for neutron dosimetry."
}
@misc{matcomposition,
  author = "R.G. Williams III, C.J. Gesh, R.T. Pagh",
  year = "2006",
  howpublished = "Compendium of Material Composition Data for Radiation Transport Modeling"
}

@misc{matcompositionDB,
  author = "Los Alamos National Laboratory",
  year = "2021",
  howpublished = "200-DMAMC-128170 PNNL-15870, Rev. 2 April 2021 https://compendium.cwmd.pnnl.gov/"
}

@misc{intlAtomicEnergy,
  author = "Los Alamos National Laboratory",
  year = "2007-2023",
  howpublished = "International Atomic Energy Agency - Nuclear Data Section - https://www-nds.iaea.org/"
}

@misc{NUK3Notes,
  author        = {Prof. Macia Juan},
  title         = {Lecture notes of Applications of Radioactivity in Industry, Research and Medicine},
  month         = {February},
  year          = {2022},
  publisher={Lehrstuhl für Nukleartechnik Technische Universität München}
}

@misc{BetaRayAtlas,
  author = "W G Cross",
  year = "1983",
  howpublished = "A short atlas of beta ray spectra"
}

@phdthesis{AtmosphericCorrosionMgAlloys,
  title={The Atmospheric Corrosion of Magnesium Alloys: Influence of Microstructure and Environments},
  author={J{\"o}nsson, Martin},
  year={2007},
  school={KTH}
}


@misc{BCNTReview,
  author = "Will H. Jin, Crystal Seldon, Michael Butkus, Wolfgang Sauerwein, Huan B. Giap",
  year = "2022",
  howpublished = "A Review of Boron Neutron Capture Therapy: Its History and Current Challenges"
}



@misc{Heinz,
  title = {MLZ Garching - Radiotherapy and Biology},
  author = {{Forschungszentrum J{\"u}lich}},
  year = {2022},
  url = {https://mlz-garching.de/englisch/industry-und-medicine/radiotherapy-und-biology.html},
  note = {Accessed: February 2023}
}

@online{AboutFRMII,
  url = {https://www.frm2.tum.de/en/frm2/about-us/},
}

@misc{IntroToNuclearAndParticle,
  author = "Das & Ferbel",
  year = "2003",
  howpublished = "Introduction to Nuclear and Particle Physics"
}

@misc{ReportPTW2018,
  author={Sommer, Lucas Benedikt},
  year = "2018",
  howpublished = "Bestimmung des Neutronen-Ansprechverhaltens einer Mg- und einer Al-Mg-Ionisationskammer relativ zu einer TE-Kammer in einem quasi-monoenergetischen Neutronenstrahl der PTB in Braunschweig"
}

@online{PTWFarmer,
title = {PTW Dosimetry - Farmer Ionization Chambers 30010},
  howpublished = {\url{https://www.ptwdosimetry.com/en/products/farmer-ionization-chambers-30010}},
   year = {2023},
  note = {Accessed: July 2023},
}
@online{MineralogyDatabase,
title = {Webmineral},
year = {1996},
note = {Accessed: April 2023},
howpublished = {\url{http://www.webmineral.com/}},
}


@article{DesignOfThimbleChamber,
doi = {10.1088/0031-9155/17/2/001},
url = {https://dx.doi.org/10.1088/0031-9155/17/2/001},
year = {1972},
month = {mar},
publisher = {},
volume = {17},
number = {2},
pages = {169},
author = {E G A Aird and  F T Farmer},
title = {The design of a thimble chamber for the Farmer dosemeter},
journal = {Physics in Medicine & Biology},
abstract = {By substituting pure graphite and pure aluminium for the present chamber materials a response curve is achieved which is flat over the therapy range and constant from one instrument to another. The response depends critically on dimensions of the inner electrode and this dependence is studied and illustrated. The insulator (amber) is replaced by PTCFE which has a low induced conductivity under radiation and is chemically pure; it is necessary, however, to reduce the area exposed to the air volume on account of its higher atomic number. This reduction also improves precision of the instrument. Dimensions of the final chamber, which is identical externally to the original chamber, are given.}
}
}